<?xml version="1.0" encoding="UTF-8"?><record xmlns="http://www.loc.gov/MARC21/slim" xmlns:cinclude="http://apache.org/cocoon/include/1.0" xmlns:zs="http://www.loc.gov/zing/srw/">
  <leader>01019cz  a2200229n  4500</leader>
  <controlfield tag="001">no2009132551</controlfield>
  <controlfield tag="003">DLC</controlfield>
  <controlfield tag="005">20160507075405.0</controlfield>
  <controlfield tag="008">090824n| azannaabn          |a ana     c</controlfield>
  <datafield tag="010" ind1=" " ind2=" ">
    <subfield code="a">no2009132551</subfield>
  </datafield>
  <datafield tag="035" ind1=" " ind2=" ">
    <subfield code="a">(OCoLC)oca08215076</subfield>
  </datafield>
  <datafield tag="040" ind1=" " ind2=" ">
    <subfield code="a">NcU-H</subfield>
    <subfield code="b">eng</subfield>
    <subfield code="c">NcU-H</subfield>
    <subfield code="e">rda</subfield>
    <subfield code="d">DNLM</subfield>
  </datafield>
  <datafield tag="046" ind1=" " ind2=" ">
    <subfield code="s">1966</subfield>
    <subfield code="2">edtf</subfield>
  </datafield>
  <datafield tag="110" ind1="2" ind2=" ">
    <subfield code="a">Tufts-Delta Health Center (Mound Bayou, Miss.)</subfield>
  </datafield>
  <datafield tag="370" ind1=" " ind2=" ">
    <subfield code="e">Mound Bayou (Miss.)</subfield>
    <subfield code="2">naf</subfield>
  </datafield>
  <datafield tag="373" ind1=" " ind2=" ">
    <subfield code="a">Tufts University. School of Medicine</subfield>
    <subfield code="2">naf</subfield>
  </datafield>
  <datafield tag="410" ind1="2" ind2=" ">
    <subfield code="a">Delta Health Center (Mound Bayou, Miss.)</subfield>
  </datafield>
  <datafield tag="410" ind1="2" ind2=" ">
    <subfield code="a">Tufts-Delta Health Center (Bolivar County, Miss.)</subfield>
  </datafield>
  <datafield tag="410" ind1="2" ind2=" ">
    <subfield code="a">Tufts University.</subfield>
    <subfield code="b">School of Medicine.</subfield>
    <subfield code="b">Tufts-Delta Health Center</subfield>
  </datafield>
  <datafield tag="510" ind1="2" ind2=" ">
    <subfield code="w">r</subfield>
    <subfield code="i">Hierarchical superior:</subfield>
    <subfield code="a">Tufts University.</subfield>
    <subfield code="b">School of Medicine</subfield>
  </datafield>
  <datafield tag="670" ind1=" " ind2=" ">
    <subfield code="a">Out in the rural, 1970?:</subfield>
    <subfield code="b">credits (Tufts-Delta Health Center, Mound Bayou, Bolivar County, Mississippi.)</subfield>
  </datafield>
  <datafield tag="670" ind1=" " ind2=" ">
    <subfield code="a">Out in the rural, 2016</subfield>
    <subfield code="b">ECIP galley (Tufts-Delta Health Center, which in 1966 opened in Mound Bayou, Mississippi; sponsored by Tufts Medical School)</subfield>
  </datafield>
</record>